% Encoding: UTF-8

@Article{Jackson:2001,
  Title                    = {Problem frames: analysing and structuring software development problems},
  Author                   = {Jackson, Michael},
  Year                     = {2001},
  Publisher                = {Addison-Wesley}
}

